<record xmlns:xsi="http://www.w3.org/2001/XMLSchema-instance" xmlns="http://www.loc.gov/MARC21/slim" xsi:schemaLocation="http://www.loc.gov/MARC21/slim http://www.loc.gov/standards/marcxml/schema/MARC21slim.xsd">

  <leader>00620nam a2200181   4500</leader>
  <controlfield tag="008">160503b1994    c  ||||| |||| 00| | spa d</controlfield>
  <datafield ind1=" " ind2=" " tag="090">
    <subfield code="a">06.02.04  </subfield>
    <subfield code="b">2194</subfield>
  </datafield>
  <datafield tag="100" ind1="1" ind2=" ">
    <subfield code="9">1700</subfield>
    <subfield code="a">Doryan Garrón, Eduardo </subfield>
  </datafield>
  <datafield tag="245" ind2="3" ind1="1">
    <subfield code="a">La formación del ciudadano de la era de la sustentabilidad /</subfield>
    <subfield code="c">Eduardo Doryan Garrón</subfield>
  </datafield>
  <datafield tag="260" ind1=" " ind2=" ">
    <subfield code="a">[San José, Costa Rica] : </subfield>
    <subfield code="b">Ministerio de Educación Pública,</subfield>
    <subfield code="c">1994</subfield>
  </datafield>
  <datafield ind2=" " ind1=" " tag="300">
    <subfield code="a">31 páginas</subfield>
  </datafield>
  <datafield tag="650" ind2="4" ind1="1">
    <subfield code="9">451</subfield>
    <subfield code="a">POLÍTICA EDUCATIVA</subfield>
  </datafield>
  <datafield tag="650" ind2="4" ind1="1">
    <subfield code="9">443</subfield>
    <subfield code="a">DESARROLLO  SOSTENIBLE</subfield>
  </datafield>
  <datafield tag="650" ind2="4" ind1="1">
    <subfield code="9">1</subfield>
    <subfield code="a">EDUCACIÓN</subfield>
  </datafield>
  <datafield ind2="4" ind1="1" tag="650">
    <subfield code="9">576</subfield>
    <subfield code="a">ASPECTOS SOCIALES </subfield>
  </datafield>
  <datafield ind1="1" ind2="4" tag="650">
    <subfield code="9">973</subfield>
    <subfield code="a">ASPECTOS ECONÓMICOS</subfield>
  </datafield>
  <datafield ind1=" " ind2=" " tag="942">
    <subfield code="2">z</subfield>
    <subfield code="c">01</subfield>
  </datafield>
  <datafield ind2=" " ind1=" " tag="999">
    <subfield code="c">3199</subfield>
    <subfield code="d">3199</subfield>
  </datafield>
</record>